@article{hudson1995shape,
  title={Shape and non-principal axis spin state of asteroid 4179 Toutatis},
  author={Hudson, R Scott and Ostro, Steven J},
  journal={Science},
  volume={270},
  number={5233},
  pages={84},
  year={1995},
  publisher={The American Association for the Advancement of Science}
}

@online{toutatis_wikipedia,
 author = "Wikipedia",
 title = "4179 Toutatis",
 year = "2016",
 url = "https://en.wikipedia.org/wiki/4179_Toutatis"
}
